%% This BibTeX bibliography file was created using BibDesk.
%% http://bibdesk.sourceforge.net/


%% Created for Zev Berger at 2015-06-11 22:33:09 -0400 


%% Saved with string encoding Unicode (UTF-8) 

@article{miller1985throwing,
  title={Throwing the rascals out: Policy and performance evaluations of presidential candidates, 1952--1980},
  author={Miller, Arthur H and Wattenberg, Martin P},
  journal={American Political Science Review},
  volume={79},
  number={02},
  pages={359--372},
  year={1985},
  publisher={Cambridge Univ Press}
}

@book{achen2016democracy,
  title={Democracy for realists: Why elections do not produce responsive government},
  author={Achen, Christopher H and Bartels, Larry M},
  year={2016},
  publisher={Princeton University Press}
}

@article{woon2012democratic,
  title={Democratic accountability and retrospective voting: A laboratory experiment},
  author={Woon, Jonathan},
  journal={American Journal of Political Science},
  volume={56},
  number={4},
  pages={913--930},
  year={2012},
  publisher={Wiley Online Library}
}

@book{lupia2015uninformed,
  title={Uninformed: Why People Seem to Know So Little about Politics and What We Can Do about It},
  author={Lupia, Arthur},
  year={2015},
  publisher={Oxford University Press}
}

@article{congress2011trends,
  title={Trends in the Distribution of Household Income between 1979 and 2007},
  author={Congress, US},
  journal={Congressional Budget Office},
  volume={25},
  year={2011}
}

@article{wiens2015against,
  title={Against Ideal Guidance},
  author={Wiens, David},
  journal={The Journal of Politics},
  volume={77},
  number={2},
  pages={433--446},
  year={2015},
  publisher={JSTOR}
}

@techreport{blinder2014presidents,
	Author = {Blinder, Alan S and Watson, Mark W},
	Institution = {National Bureau of Economic Research},
	Title = {Presidents and the us economy: An econometric exploration},
	Year = {2014}}

@article{reeve1998aristotle,
	Author = {Reeve, CDC},
	Journal = {Indianapolis: Hackett},
	Title = {Aristotle: Politics},
	Year = {1998}}

@book{Duch2008,
	Author = {Raymond M. Duch and Randolph T. Stevenson},
	Date-Added = {2015-03-24 16:52:03 +0000},
	Date-Modified = {2015-03-24 16:52:57 +0000},
	Publisher = {Cambridge University Press},
	Title = {The Economic Vote: How Political and Economic Institutions Condition Election Results},
	Year = {2008}}

@article{schwartzberg2015epistemic,
	Author = {Schwartzberg, Melissa},
	Journal = {Annual Review of Political Science},
	Number = {1},
	Publisher = {Annual Reviews 4139 El Camino Way, PO Box 10139, Palo Alto, California 94303-0139, USA},
	Title = {Epistemic Democracy and Its Challenges},
	Volume = {18},
	Year = {2015}}

@article{rehfeld2010offensive,
	Author = {Rehfeld, Andrew},
	Journal = {Perspectives on Politics},
	Number = {02},
	Pages = {465--486},
	Publisher = {Cambridge Univ Press},
	Title = {Offensive political theory},
	Volume = {8},
	Year = {2010}}

@article{weisberg2007three,
	Author = {Weisberg, Michael},
	Journal = {The Journal of Philosophy},
	Pages = {639--659},
	Publisher = {JSTOR},
	Title = {Three kinds of idealization},
	Year = {2007}}

@article{johnson2014models,
	Author = {Johnson, James},
	Journal = {American Journal of Political Science},
	Number = {3},
	Pages = {547--560},
	Publisher = {Wiley Online Library},
	Title = {Models Among the Political Theorists},
	Volume = {58},
	Year = {2014}}

@book{Aristotle,
	Date-Added = {2015-02-02 05:06:48 +0000},
	Date-Modified = {2015-02-02 05:07:58 +0000},
	Editor = {Carnes Lord},
	Publisher = {University of Chicago Press},
	Title = {Aristolte's The Politics},
	Year = {1984}}

@book{Herzog2006,
	Author = {Don Herzog},
	Date-Added = {2015-01-30 05:23:20 +0000},
	Date-Modified = {2015-01-30 05:24:46 +0000},
	Publisher = {Princeton University Press},
	Title = {Cunning},
	Year = {2006}}

@article{dietrich2008premises,
  title={The premises of Condorcet's jury theorem are not simultaneously justified},
  author={Dietrich, Franz},
  journal={Episteme},
  volume={5},
  number={1},
  pages={56--73},
  year={2008},
  publisher={Cambridge University Press}
}

@article{Dietrich2004,
	Author = {Franz Dietrich and Christain List},
	Date-Added = {2015-01-30 05:08:30 +0000},
	Date-Modified = {2015-01-30 05:09:26 +0000},
	Journal = {Synthese},
	Number = {2},
	Title = {A Model of Jury Decisions Where All Jurors Have the Same Evidence},
	Volume = {142},
	Year = {2004}}

@book{sinclair2012social,
	Author = {Sinclair, Betsy},
	Date-Modified = {2015-06-12 02:33:09 +0000},
	Publisher = {Chicago: University of Chicago Press},
	Title = {The Social Citizen},
	Year = {2012}}

@book{urbinati2014democracy,
	Author = {Urbinati, Nadia},
	Publisher = {Harvard University Press},
	Title = {Democracy Disfigured},
	Year = {2014}}

@article{evans2006political,
	Author = {Evans, Geoffrey and Andersen, Robert},
	Journal = {Journal of Politics},
	Number = {1},
	Pages = {194--207},
	Publisher = {Wiley Online Library},
	Title = {The political conditioning of economic perceptions},
	Volume = {68},
	Year = {2006}}

@article{List2001,
	Author = {Christain List and Robert E Goodin},
	Date-Added = {2014-08-14 23:35:46 +0000},
	Date-Modified = {2014-08-14 23:36:54 +0000},
	Journal = {Journal of Political Philosophy},
	Pages = {277-306},
	Title = {Epistemic democracy: generalizing the Condorcet jury theorem},
	Year = {2001}}

@book{Surowiecki2004,
	Author = {James Surowiecki},
	Date-Added = {2014-08-14 23:31:48 +0000},
	Date-Modified = {2014-08-14 23:33:00 +0000},
	Publisher = {Doubleday},
	Title = {The Wisdom of the Crowds},
	Year = {2004}}

@book{Caplan2006,
	Author = {Bryan Caplan},
	Date-Added = {2014-08-11 01:33:05 +0000},
	Date-Modified = {2014-08-11 01:33:47 +0000},
	Publisher = {Princeton University Press},
	Title = {The Myth of the Rational Voter},
	Year = {2006}}

@unpublished{Piketty1994,
	Author = {Thomas Piketty},
	Date-Added = {2014-07-30 23:36:12 +0000},
	Date-Modified = {2014-07-30 23:37:17 +0000},
	Note = {Mimeo, MIT},
	Title = {Information Aggregation Through Voting and Vote-Trading},
	Year = {1994}}

@book{Mill1978,
	Author = {John Stuart Mill},
	Date-Added = {2014-07-29 23:36:05 +0000},
	Date-Modified = {2014-07-29 23:37:06 +0000},
	Publisher = {Hackett Publishing Co.},
	Title = {On Liberty},
	Year = {1859/1978}}

@article{Mossel:2011di,
	Author = {Mossel, Elchanan},
	Date-Added = {2014-07-29 23:02:18 +0000},
	Date-Modified = {2014-07-29 23:02:18 +0000},
	Journal = {Probability Theory and Related Fields},
	Month = apr,
	Number = {1-2},
	Pages = {49--88},
	Title = {{A quantitative Arrow theorem}},
	Volume = {154},
	Year = {2011}}

@article{Kalai:2002hx,
	Author = {Kalai, G},
	Date-Added = {2014-07-29 23:02:18 +0000},
	Date-Modified = {2014-07-29 23:02:18 +0000},
	Journal = {Advances in Applied Mathematics},
	Number = {3},
	Pages = {412--426},
	Title = {{A Fourier-theoretic perspective on the Condorcet paradox and Arrow's theorem}},
	Volume = {29},
	Year = {2002}}

@article{Keller:2010dq,
	Author = {Keller, Nathan},
	Date-Added = {2014-07-29 23:02:18 +0000},
	Date-Modified = {2014-07-29 23:02:18 +0000},
	Journal = {Journal of Combinatorial Theory, Series A},
	Month = may,
	Number = {4},
	Pages = {389--410},
	Title = {{On the probability of a rational outcome for generalized social welfare functions on three alternatives}},
	Volume = {117},
	Year = {2010}}

@article{Tziralis:2012ta,
	Author = {Tziralis, G and Tatsiopoulos, I},
	Date-Added = {2014-07-28 18:08:49 +0000},
	Date-Modified = {2014-07-28 18:08:49 +0000},
	Journal = {The journal of prediction markets},
	Title = {{Prediction markets: An extended literature review}},
	Year = {2012}}

@book{shaked2007stochastic,
	Author = {Shaked, Moshe and Shanthikumar, J George},
	Publisher = {Springer},
	Title = {Stochastic orders},
	Year = {2007}}

@article{Hahn:2003th,
	Author = {Hahn, R W and Tetlock, P C},
	Date-Added = {2014-07-28 18:08:49 +0000},
	Date-Modified = {2014-07-28 18:10:29 +0000},
	Journal = {Harvard Journal of Law and Public Policy},
	Title = {{Using information markets to improve public decision making}},
	Year = {2005}}

@article{Arrow:2008km,
	Author = {Arrow, K J and Forsythe, R and Gorham, M and Hahn, R and Hanson, R and Ledyard, J O and Levmore, S and Litan, R and Milgrom, P and Nelson, F D and Neumann, G R and Ottaviani, M and Schelling, T C and Shiller, R J and Smith, V L and Snowberg, E and Sunstein, C R and Tetlock, P C and Tetlock, P E and Varian, H R and Wolfers, J and Zitzewitz, E},
	Date-Added = {2014-07-28 18:08:49 +0000},
	Date-Modified = {2014-07-28 18:08:49 +0000},
	Journal = {Science},
	Month = may,
	Number = {5878},
	Pages = {877--878},
	Title = {{ECONOMICS: The Promise of Prediction Markets}},
	Volume = {320},
	Year = {2008}}

@book{rubin2004multiple,
	Author = {Rubin, Donald B},
	Publisher = {John Wiley \& Sons},
	Title = {Multiple imputation for nonresponse in surveys},
	Volume = {81},
	Year = {2004}}

@article{gllamm,
	Author = {Rabe-Hesketh, Sophia and Skrondal, Anders and Pickles, Andrew},
	Date-Modified = {2014-07-28 18:23:16 +0000},
	Journal = {U.C. Berkeley Division of Biostatistics Working Paper Series. Working Paper},
	Publisher = {bepress},
	Title = {GLLAMM manual},
	Volume = {160},
	Year = {2004}}

@article{gelman2007struggles,
	Author = {Gelman, Andrew},
	Journal = {Statistical Science},
	Pages = {153--164},
	Publisher = {JSTOR},
	Title = {Struggles with survey weighting and regression modeling},
	Year = {2007}}

@misc{stata,
	Author = {StataCorp},
	Publisher = {StataCorp LP},
	Title = {Stata Statistical Software: Release 13},
	Year = {2013}}

@manual{lme4,
	Author = {Douglas Bates and Martin Maechler and Ben Bolker and Steven Walker},
	Note = {R package version 1.1-6},
	Title = {lme4: Linear mixed-effects models using Eigen and S4},
	Url = {http://CRAN.R-project.org/package=lme4},
	Year = {2014},
	Bdsk-Url-1 = {http://CRAN.R-project.org/package=lme4}}

@article{mi,
	Author = {Yu-Sung Su and Andrew Gelman and Jennifer Hill and Masanao Yajima},
	Journal = {Journal of Statistical Software},
	Number = {2},
	Pages = {1--31},
	Title = {Multiple Imputation with Diagnostics ({mi}) in {R}: Opening Windows into the Black Box},
	Url = {http://www.jstatsoft.org/v45/i02/},
	Volume = {45},
	Year = {2011},
	Bdsk-Url-1 = {http://www.jstatsoft.org/v45/i02/}}

@article{Wiens2012,
	Author = {David Wiens},
	Date-Added = {2014-07-17 18:12:14 +0000},
	Date-Modified = {2014-07-17 18:13:33 +0000},
	Journal = {The Journal of Political Philosophy},
	Number = {1},
	Title = {Prescribing Institutions Without Ideal Theory},
	Volume = {20},
	Year = {2012}}

@book{Disch2002,
	Author = {Lisa Jane Disch},
	Date-Added = {2014-07-17 16:16:50 +0000},
	Date-Modified = {2014-07-17 16:17:43 +0000},
	Publisher = {Columbia University Press},
	Title = {The Tyranny of the Two-Party System},
	Year = {2002}}

@article{Pettit2001,
	Author = {Philip Pettit},
	Date-Added = {2014-07-14 19:10:21 +0000},
	Date-Modified = {2014-07-14 19:11:18 +0000},
	Journal = {Philosophical Issues},
	Title = {Deliberative Democracy and the Discursive Dilemma},
	Volume = {11},
	Year = {2001}}

@book{List2011,
	Author = {Christain List and Philip Pettit},
	Date-Added = {2014-07-14 03:27:05 +0000},
	Date-Modified = {2014-07-14 03:27:35 +0000},
	Publisher = {Oxford University Press},
	Title = {Group Agency},
	Year = {2011}}

@article{Jones1995,
	Author = {Bradford Jones And Benjamin Radcliff And Charles Taber And Richard Timpone},
	Date-Added = {2014-07-14 03:19:33 +0000},
	Date-Modified = {2014-07-14 03:20:45 +0000},
	Journal = {American Political Science Review},
	Number = {1},
	Title = {Condorcet Winners and the Paradox of Voting: Probability Calculations for Weak Preference Orders},
	Volume = {89},
	Year = {1995}}

@book{Page2007,
	Author = {Scott Page},
	Date-Added = {2014-07-14 02:44:40 +0000},
	Date-Modified = {2014-07-14 02:45:11 +0000},
	Publisher = {Princeton University Press},
	Title = {The Difference: How the Power of Diversity Creates Better Groups, Firms, Schools, and Societies},
	Year = {2007}}

@article{Galton1907,
	Author = {Francis Galton},
	Date-Added = {2014-07-14 02:33:08 +0000},
	Date-Modified = {2014-07-14 02:33:40 +0000},
	Journal = {Nature},
	Month = {March},
	Title = {Vox Pouli},
	Year = {1907}}

@article{Ingham2013,
	Author = {Sean Ingham},
	Date-Added = {2014-07-11 20:55:30 +0000},
	Date-Modified = {2014-07-11 21:08:54 +0000},
	Journal = {Politics, Philosophy, and Economics},
	Number = {2},
	Title = {Disagreement and epistemic arguments for democracy},
	Volume = {12},
	Year = {2012}}

@incollection{Estlund1997,
	Author = {David Estlund},
	Booktitle = {Deliberative Democracy: Essays on Reason and Politics},
	Chapter = {6},
	Date-Added = {2014-07-11 20:52:10 +0000},
	Date-Modified = {2014-07-11 20:54:39 +0000},
	Pages = {173-204},
	Publisher = {MIT Press},
	Title = {Beyond Fairness and Deliberation: The Epistemic Dimension of Democratic Authority},
	Year = {1997}}

@article{Anderson2006,
	Author = {Elizabeth Anderson},
	Date-Added = {2014-07-11 20:50:32 +0000},
	Date-Modified = {2014-07-11 20:51:18 +0000},
	Journal = {Episteme},
	Title = {The Epistemology of Democracy},
	Year = {2006}}

@unpublished{Landemore2014,
	Author = {Helene Landemore},
	Date-Added = {2014-07-11 20:48:54 +0000},
	Date-Modified = {2014-07-11 20:49:46 +0000},
	Month = {April},
	Note = {MPSA 2014},
	Title = {Beyond the Fact of Disagreement? The Epistemic Turn in Deliberative Democracy},
	Year = {2014}}

@incollection{Servan2012,
	Author = {Emile Servan-Schreiber},
	Booktitle = {Collective Wisdom: Principles and Mechanisms},
	Chapter = {1},
	Date-Added = {2014-07-11 19:53:53 +0000},
	Date-Modified = {2014-07-11 19:55:20 +0000},
	Publisher = {Cambridge University Press},
	Title = {Prediction Markets: Trading Uncertainty for Collective Wisdom},
	Year = {2012}}

@article{Eriksson2013,
	Author = {Lina Eriksson and Wlodek Rabinowicz},
	Date-Added = {2014-07-11 19:12:10 +0000},
	Date-Modified = {2014-07-11 19:12:54 +0000},
	Journal = {Synthese},
	Title = {The interference problem for the betting interpretation of degrees of belief},
	Year = {2013}}

@incollection{Ramsey1926,
	Author = {Frank Ramsey},
	Booktitle = {The Foundations of Mathematics and other Logical Essays},
	Chapter = {7},
	Date-Added = {2014-07-11 18:48:09 +0000},
	Date-Modified = {2014-07-11 18:52:15 +0000},
	Pages = {156-198},
	Publisher = {McMaster University Archive for the History of Economic Thought},
	Title = {Truth and Probability},
	Year = {1926}}

@incollection{Lupia2000,
	Author = {Arthur Lupia and Matthew D. McCubbins},
	Booktitle = {Elements of Reason},
	Date-Added = {2014-07-11 17:04:15 +0000},
	Date-Modified = {2014-07-11 17:06:43 +0000},
	Publisher = {Cambridge Univ Press},
	Title = {The Institutional Foundation of Political Competence: How Citizens Learn What They Need to Know},
	Year = {2000}}

@article{Kinder1981,
	Author = {Donald R. Kinder and D. Roderick Kiewiet},
	Date-Added = {2014-07-10 21:26:52 +0000},
	Date-Modified = {2014-07-10 21:27:57 +0000},
	Journal = {British Journal of Political Science},
	Number = {2},
	Title = {Sociotropic Politics: The American Case},
	Volume = {11},
	Year = {1981}}

@article{imai2010identification,
	Author = {Imai, Kosuke and Keele, Luke and Yamamoto, Teppei},
	Journal = {Statistical Science},
	Pages = {51--71},
	Publisher = {JSTOR},
	Title = {Identification, inference and sensitivity analysis for causal mediation effects},
	Year = {2010}}

@article{imai2011unpacking,
	Author = {Imai, Kosuke and Keele, Luke and Tingley, Dustin and Yamamoto, Teppei},
	Journal = {American Political Science Review},
	Number = {04},
	Pages = {765--789},
	Publisher = {Cambridge Univ Press},
	Title = {Unpacking the black box of causality: Learning about causal mechanisms from experimental and observational studies},
	Volume = {105},
	Year = {2011}}

@article{baron1986moderator,
	Author = {Baron, Reuben M and Kenny, David A},
	Journal = {Journal of personality and social psychology},
	Number = {6},
	Pages = {1173},
	Publisher = {American Psychological Association},
	Title = {The moderator--mediator variable distinction in social psychological research: Conceptual, strategic, and statistical considerations.},
	Volume = {51},
	Year = {1986}}

@misc{Slate,
	Author = {Fred Kaplan},
	Date-Added = {2014-04-01 08:41:52 +0000},
	Date-Modified = {2014-04-01 08:42:16 +0000},
	Howpublished = {http://www.slate.com/},
	Title = {Barack Obama Killed Osama Bin Laden. Period.},
	Year = {2012}}

@misc{CBS,
	Author = {Lucy Madison},
	Date-Added = {2014-04-01 08:40:50 +0000},
	Date-Modified = {2014-04-01 08:41:28 +0000},
	Howpublished = {http://www.cbsnews.com/},
	Title = {Biden: Obama's bin Laden mission was most "audacious" plan in 500 years},
	Year = {2012}}

@article{Markus88,
	Author = {Gregory Markus},
	Date-Added = {2014-04-01 02:23:35 +0000},
	Date-Modified = {2014-04-01 02:24:24 +0000},
	Journal = {American Journal of Political Science},
	Title = {The Impact of Personal and National Economic Conditions on the Presidential Vote: A Pooled Cross-Sectional Analysis},
	Year = {1988}}

@book{Fiorina81,
	Author = {Morris P. Fiorina},
	Date-Added = {2014-04-01 01:49:56 +0000},
	Date-Modified = {2014-04-01 01:50:24 +0000},
	Publisher = {Yale University Press},
	Title = {Retrospective Voting in American National Elections},
	Year = {1981}}

@article{Lupia2006,
	Author = {Arthur Lupia},
	Date-Added = {2014-04-01 01:32:15 +0000},
	Date-Modified = {2014-04-01 01:32:57 +0000},
	Journal = {Critical Review},
	Pages = {217‐232},
	Title = {How Elitism Undermines the Study of Voter Competence},
	Volume = {18},
	Year = {2006}}

@article{Anderson07,
	Author = {Christopher J. Anderson},
	Date-Added = {2014-04-01 00:24:01 +0000},
	Date-Modified = {2014-04-01 00:25:06 +0000},
	Journal = {Annual Review of Political Science},
	Title = {The End of Economic Voting? Contingency Dilemmas and the Limits of Democratic Accountability},
	Volume = {10},
	Year = {2007}}

@book{Revisited09,
	Author = {Michael S. Lewis-  and William G. Jacoby and Helmut Norpoth and Herbert F. Weisberg},
	Date-Added = {2014-03-31 22:06:48 +0000},
	Date-Modified = {2014-03-31 22:08:30 +0000},
	Publisher = {University of Michigan Press},
	Title = {The American Voter Revisited},
	Year = {2009}}

@book{Lupia98,
	Author = {Arthur Lupia and Matthew D. McCubbins},
	Date-Added = {2014-03-30 21:50:12 +0000},
	Date-Modified = {2014-03-30 21:51:10 +0000},
	Publisher = {Cambridge University Press},
	Title = {The Democratic Dilemma: Can Citizens Learn What They Need to Know?},
	Year = {1998}}

@book{Landemore13,
	Author = {Helene Landemore},
	Date-Added = {2014-03-30 21:48:35 +0000},
	Date-Modified = {2014-03-30 21:49:29 +0000},
	Publisher = {Princeton University Press},
	Title = {Democratic Reason: Politics, Collective Intellegence, and the Rule of Many},
	Year = {2013}}

@book{Estlund08,
	Author = {David Estlund},
	Date-Added = {2014-03-30 21:47:57 +0000},
	Date-Modified = {2014-03-30 21:48:27 +0000},
	Publisher = {Princeton University Press},
	Title = {Democratic Authority},
	Year = {2008}}

@book{Goldman99,
	Author = {Alvin I. Goldman},
	Date-Added = {2014-03-30 21:43:50 +0000},
	Date-Modified = {2014-03-30 21:47:55 +0000},
	Publisher = {Oxford University Press},
	Title = {Knowledge in a Social World},
	Year = {1999}}

@article{Anderson:2000wd,
	Author = {Anderson, C J and O'CONNOR, K M},
	Journal = {British Journal of Political {\ldots}},
	Title = {{System change, learning and public opinion about the economy}},
	Year = {2000}}

@article{Lupia:2010ga,
	Author = {Lupia, A and Levine, A S and Zharinova, N},
	Journal = {Political Analysis},
	Month = jan,
	Number = {1},
	Pages = {103--123},
	Title = {{When Should Political Scientists Use the Self-Confirming Equilibrium Concept? Benefits, Costs, and an Application to Jury Theorems}},
	Volume = {18},
	Year = {2010}}

@article{LewisBeck:2000ww,
	Author = {Lewis-Beck, M S and Stegmaier, M},
	Date-Modified = {2014-07-14 03:33:56 +0000},
	Journal = {Annual Review of Political Science},
	Number = {3},
	Pages = {183--219},
	Title = {Economic determinants of electoral outcomes},
	Year = {2000}}

@article{Lockerbie:1992js,
	Author = {Lockerbie, B},
	Journal = {American Politics Research},
	Month = jul,
	Number = {3},
	Pages = {308--325},
	Title = {{Prospective Voting in Presidential Elections, 1956-1988}},
	Volume = {20},
	Year = {1992}}

@article{Lockerbie:1991tw,
	Author = {Lockerbie, B},
	Journal = {Legislative Studies Quarterly},
	Title = {{Prospective economic voting in US House elections, 1956-88}},
	Year = {1991}}

@article{Hall:2008ji,
	Author = {Hall, P A and Thelen, K},
	Journal = {Socio-Economic Review},
	Month = oct,
	Number = {1},
	Pages = {7--34},
	Title = {{Institutional change in varieties of capitalism}},
	Volume = {7},
	Year = {2008}}

@article{Fiorina:1978tz,
	Author = {Fiorina, M P},
	Journal = {American Journal of Political Science},
	Title = {{Economic retrospective voting in American national elections: A micro-analysis}},
	Year = {1978}}

@article{Lanoue:1994bl,
	Author = {Lanoue, D J},
	Journal = {Political Research Quarterly},
	Month = mar,
	Number = {1},
	Pages = {193--205},
	Title = {{Retrospective and Prospective Voting in Presidential-Year Elections}},
	Volume = {47},
	Year = {1994}}

@article{Miller:1985uj,
	Author = {Miller, A H and Wattenberg, M P},
	Journal = {The American Political Science Review},
	Title = {{Throwing the rascals out: Policy and performance evaluations of presidential candidates, 1952-1980}},
	Year = {1985}}

@article{Bartels:1996ti,
	Author = {Bartels, L M},
	Journal = {American Journal of Political Science},
	Title = {{Uninformed votes: Information effects in presidential elections}},
	Year = {1996}}

@article{mice,
	Author = {Stef {van Buuren} and Karin Groothuis-Oudshoorn},
	Journal = {Journal of Statistical Software},
	Number = {3},
	Pages = {1--67},
	Title = {{mice}: Multivariate Imputation by Chained Equations in R},
	Url = {http://www.jstatsoft.org/v45/i03/},
	Volume = {45},
	Year = {2011},
	Bdsk-Url-1 = {http://www.jstatsoft.org/v45/i03/}}

@article{Nadeau:2001tw,
	Author = {R Nadeau and Michael S. Lewis-Beck},
	Date-Modified = {2014-04-01 03:25:41 +0000},
	Journal = {Journal of Politics},
	Title = {{National economic voting in US presidential elections}},
	Year = {2001}}

@article{Valentino:2005wl,
	Author = {Valentino, N A and Sears, D O},
	Journal = {American Journal of Political Science},
	Title = {{Old times there are not forgotten: Race and partisan realignment in the contemporary South}},
	Year = {2005}}

@article{Whitten:1999wc,
	Author = {Whitten, G D and Palmer, H D},
	Journal = {Electoral Studies},
	Title = {{Cross-national analyses of economic voting}},
	Year = {1999}}

@article{Layman:2005ua,
	Author = {Layman, G and Carsey, T and Green, J and Herrera, R},
	Journal = {{\ldots} at the Annual Meeting of the {\ldots}},
	Title = {{Party polarization and {\textquotedblleft}conflict extension{\textquotedblright} in the United States: the case of party activists}},
	Year = {2005}}

@article{Stein:1990tt,
	Author = {Stein, R M},
	Journal = {The Journal of Politics},
	Title = {{Economic voting for governor and US senator: The electoral consequences of federalism}},
	Year = {1990},
	Bdsk-File-1 = {YnBsaXN0MDDUAQIDBAUGJCVYJHZlcnNpb25YJG9iamVjdHNZJGFyY2hpdmVyVCR0b3ASAAGGoKgHCBMUFRYaIVUkbnVsbNMJCgsMDxJXTlMua2V5c1pOUy5vYmplY3RzViRjbGFzc6INDoACgAOiEBGABIAFgAdccmVsYXRpdmVQYXRoWWFsaWFzRGF0YV8QHy4uLy4uLy4uLy4uLy4uLy5UcmFzaC9hcnJvdy5iaWLSFwsYGVdOUy5kYXRhTxEBZgAAAAABZgACAAAMTWFjaW50b3NoIEhEAAAAAAAAAAAAAAAAAAAAzDDaskgrAAAB4zawCWFycm93LmJpYgAAAAAAAAAAAAAAAAAAAAAAAAAAAAAAAAAAAAAAAAAAAAAAAAAAAAAAAAAAAAAAAAAAAAAAAAHuN4DP/AnMAAAAAAAAAAAABQACAAAJIAAAAAAAAAAAAAAAAAAAAAYuVHJhc2gAEAAIAADMMRLyAAAAEQAIAADP/EIMAAAAAQAMAeM2sAAFwSQAAg35AAIAME1hY2ludG9zaCBIRDpVc2VyczoAemV2YmVyZ2VyOgAuVHJhc2g6AGFycm93LmJpYgAOABQACQBhAHIAcgBvAHcALgBiAGkAYgAPABoADABNAGEAYwBpAG4AdABvAHMAaAAgAEgARAASACBVc2Vycy96ZXZiZXJnZXIvLlRyYXNoL2Fycm93LmJpYgATAAEvAAAVAAIAEP//AACABtIbHB0eWiRjbGFzc25hbWVYJGNsYXNzZXNdTlNNdXRhYmxlRGF0YaMdHyBWTlNEYXRhWE5TT2JqZWN00hscIiNcTlNEaWN0aW9uYXJ5oiIgXxAPTlNLZXllZEFyY2hpdmVy0SYnVHJvb3SAAQAIABEAGgAjAC0AMgA3AEAARgBNAFUAYABnAGoAbABuAHEAcwB1AHcAhACOALAAtQC9AicCKQIuAjkCQgJQAlQCWwJkAmkCdgJ5AosCjgKTAAAAAAAAAgEAAAAAAAAAKAAAAAAAAAAAAAAAAAAAApU=}}

@book{raudenbush2002hierarchical,
	Author = {Raudenbush, Stephen W and Bryk, Anthony S},
	Publisher = {SAGE Publications, Incorporated},
	Title = {Hierarchical linear models: Applications and data analysis methods},
	Volume = {1},
	Year = {2002}}

@misc{ANES,
	Author = {The American National Election Studies},
	Publisher = {Stanford University and the University of Michgan [producers and distributors]},
	Title = {Time Series Cumulative Data File [dataset]},
	Url = {www.electionstudies.org},
	Year = {2010},
	Bdsk-Url-1 = {www.electionstudies.org}}

@misc{ANES2012,
	Author = {The American National Election Studies},
	Publisher = {Stanford University and the University of Michgan [producers and distributors]},
	Title = {The ANES 2012 Time Series Study [dataset]},
	Url = {www.electionstudies.org},
	Year = {2010},
	Bdsk-Url-1 = {www.electionstudies.org}}

@article{hedges2007correcting,
	Author = {Hedges, Larry V},
	Journal = {Journal of Educational and Behavioral Statistics},
	Number = {2},
	Pages = {151--179},
	Publisher = {Sage Publications},
	Title = {Correcting a significance test for clustering},
	Volume = {32},
	Year = {2007}}

@book{agresti2002categorical,
	Author = {Agresti, Alan},
	Pages = {254},
	Publisher = {John Wiley \& Sons},
	Title = {Categorical data analysis},
	Volume = {359},
	Year = {2002}}

@article{freedman2006so,
	Author = {Freedman, David A},
	Journal = {The American Statistician},
	Number = {4},
	Title = {On the so-called ``Huber sandwich estimator'' and ``robust standard errors''},
	Volume = {60},
	Year = {2006}}

@misc{1997timmons,
	Author = {SCOTUS},
	Date-Modified = {2014-07-29 15:09:24 +0000},
	Howpublished = {http://www.oyez.org/cases/},
	Number = {No. 95-1608},
	Title = {Twin Cities Area New Party v. Timmons},
	Year = {1997}}

@article{rubin2005causal,
	Author = {Rubin, Donald B},
	Journal = {Journal of the American Statistical Association},
	Number = {469},
	Title = {Causal inference using potential outcomes},
	Volume = {100},
	Year = {2005}}

@book{pearl2000causality,
	Author = {Pearl, Judea},
	Publisher = {Cambridge Univ Press},
	Title = {Causality: models, reasoning and inference},
	Volume = {29},
	Year = {2000}}

@article{imai2010general,
	Author = {Imai, Kosuke and Keele, Luke and Tingley, Dustin},
	Journal = {Psychological methods},
	Number = {4},
	Pages = {309},
	Publisher = {American Psychological Association},
	Title = {A general approach to causal mediation analysis.},
	Volume = {15},
	Year = {2010}}

@article{mediation,
	Author = {Dustin Tingley and Teppei Yamamoto and Kentaro Hirose and Luke Keele and Kosuke Imai},
	Journal = {Journal of Statistical Software},
	Number = {5},
	Pages = {1--38},
	Title = {{mediation}: {R} Package for Causal Mediation Analysis},
	Url = {http://www.jstatsoft.org/v59/i05/},
	Volume = {59},
	Year = {2014},
	Bdsk-Url-1 = {http://www.jstatsoft.org/v59/i05/}}
